<?xml version="1.0" encoding="UTF-8"?><record xmlns="http://www.loc.gov/MARC21/slim" xmlns:cinclude="http://apache.org/cocoon/include/1.0" xmlns:zs="http://www.loc.gov/zing/srw/">
  <leader>00510cz  a2200145n  4500</leader>
  <controlfield tag="001">n  88652185 </controlfield>
  <controlfield tag="003">DLC</controlfield>
  <controlfield tag="005">20080229073512.0</controlfield>
  <controlfield tag="008">880728n| acannaabn          |a aaa     c</controlfield>
  <datafield tag="010" ind1=" " ind2=" ">
    <subfield code="a">n  88652185 </subfield>
  </datafield>
  <datafield tag="035" ind1=" " ind2=" ">
    <subfield code="a">(OCoLC)oca02351568</subfield>
  </datafield>
  <datafield tag="040" ind1=" " ind2=" ">
    <subfield code="a">IU</subfield>
    <subfield code="b">eng</subfield>
    <subfield code="c">IU</subfield>
    <subfield code="d">OCoLC</subfield>
  </datafield>
  <datafield tag="100" ind1="1" ind2=" ">
    <subfield code="a">Lordkipanidze, Tariėl Vladimirovich</subfield>
  </datafield>
  <datafield tag="400" ind1="1" ind2=" ">
    <subfield code="a">Lordkipanidze, T. V.</subfield>
    <subfield code="q">(Tariėl Vladimirovich)</subfield>
  </datafield>
  <datafield tag="670" ind1=" " ind2=" ">
    <subfield code="a">Marʹi︠a︡n, V.S. Sto chasov s liderom, 1988:</subfield>
    <subfield code="b">p. 3 (Tariėl Vladimirovich Lordkipanidze) USSR CIP data (T.V. Lordkipanidze)</subfield>
  </datafield>
</record>